<?xml version="1.0" encoding="UTF-8"?><collection xmlns="http://www.loc.gov/MARC21/slim"><record><leader>00766nam--2200205-i-4500</leader><controlfield tag="001">000011266</controlfield><controlfield tag="002">20161230</controlfield><controlfield tag="005">20161230201029</controlfield><controlfield tag="008">060222s1000------------r-----000-0-eng-d</controlfield><datafield ind1=" " ind2=" " tag="020"><subfield code="a">070423652</subfield></datafield><datafield ind1=" " ind2=" " tag="040"><subfield code="a">IFIN-HH</subfield></datafield><datafield ind1=" " ind2=" " tag="080"><subfield code="a">669.017:621.318.1:537.312.62</subfield></datafield><datafield ind1="1" ind2=" " tag="100"><subfield code="a">Mills, Roger E</subfield></datafield><datafield ind1="1" ind2="0" tag="245"><subfield code="a">Critical phenomena in alloys, magnets, and superconductors</subfield><subfield code="b">Battelle institute materials science colloquia, geneva and gstaad, switzerland, september 7-12, 1970</subfield><subfield code="c">Roger e. mills, edgar ascher, robert i. jaffee (eds.)</subfield></datafield><datafield ind1=" " ind2=" " tag="260"><subfield code="a">New York</subfield><subfield code="b">Mcgraw-hill Book Company</subfield><subfield code="c">1971</subfield></datafield><datafield ind1=" " ind2=" " tag="300"><subfield code="a">XXXII+661P</subfield></datafield><datafield ind1=" " ind2=" " tag="490"><subfield code="a">Mcgraw-hill Series In Materials Science And Engineering</subfield></datafield><datafield ind1="1" ind2=" " tag="700"><subfield code="a">Jaffee, Rober I</subfield><subfield code="e">Ed</subfield></datafield><datafield ind1=" " ind2=" " tag="852"><subfield code="a">41964</subfield><subfield code="c">539.2</subfield></datafield><datafield ind1=" " ind2=" " tag="CAT"><subfield code="a">Sys</subfield><subfield code="c">20121024</subfield><subfield code="h">110906</subfield></datafield></record></collection>